<record><leader>00000cas a22000007a 4500</leader><controlfield tag="001">15313304</controlfield><controlfield tag="008">870313d19031914njucr ne      0    0eng d</controlfield><datafield ind1=" " ind2=" " tag="010"><subfield code="a">sn 87068062 </subfield></datafield><datafield ind1=" " ind2=" " tag="040"><subfield code="a">NJW</subfield><subfield code="b">eng</subfield><subfield code="c">NJW</subfield><subfield code="d">OCLCQ</subfield></datafield><datafield ind1=" " ind2=" " tag="042"><subfield code="a">msc</subfield></datafield><datafield ind1="0" ind2=" " tag="130"><subfield code="a">Dover advance (Dover, N.J. : 1903)</subfield></datafield><datafield ind1="1" ind2="0" tag="245"><subfield code="a">Dover advance.</subfield></datafield><datafield ind1=" " ind2=" " tag="260"><subfield code="a">Dover, N.J. :</subfield><subfield code="b">Gill &amp; Co.,</subfield><subfield code="c">1903-1914.</subfield></datafield><datafield ind1=" " ind2=" " tag="300"><subfield code="a">v.</subfield></datafield><datafield ind1=" " ind2=" " tag="310"><subfield code="a">Semiweekly</subfield></datafield><datafield ind1="0" ind2=" " tag="362"><subfield code="a">Vol. 1, no. 1 (Mar. 9, 1903)-v. 12, no. 22 (May 21, 1914).</subfield></datafield><datafield ind1=" " ind2=" " tag="752"><subfield code="a">United States</subfield><subfield code="b">New Jersey</subfield><subfield code="c">Morris</subfield><subfield code="d">Dover.</subfield></datafield><datafield ind1="0" ind2="7" tag="785"><subfield code="t">Iron era</subfield><subfield code="w">(DLC)sn 83032287</subfield><subfield code="w">(OCoLC)10246881</subfield></datafield><datafield ind1="0" ind2="7" tag="785"><subfield code="t">Dover advance and iron era</subfield><subfield code="w">(DLC)sn 88071132</subfield></datafield></record>